@MISC{mbSetup,
	URL = "https://musicbrainz.org/doc/MusicBrainz_Server/Setup",
	TITLE = "MusicBrainz Server/Setup",
	NOTE = "Access in 25/04/2019"
}

@MISC{mbLimit,
	URL = "https://wiki.musicbrainz.org/XML_Web_Service/Rate_Limiting",
	TITLE = "XML Web Service/Rate Limiting",
	NOTE = "Access in 25/04/2019"
}

@MISC{mbUpdate,
	URL = "https://community.metabrainz.org/t/how-to-use-database-dumps-with-the-virtual-machine-image/390132",
	TITLE = "How to use database-dumps with the virtual machine image",
	NOTE = "Access in 25/04/2019"
}

@MISC{mbSchema,
	URL = "https://musicbrainz.org/doc/MusicBrainz_Database/Schema",
	TITLE = "MusicBrainz Database/Schema",
	NOTE = "Access in 29/03/2019"
}

@MISC{mbAr,
	URL = "https://musicbrainz.org/doc/Area",
	TITLE = "Area",
	NOTE = "Access in 29/03/2019"
}

@MISC{mbArt,
	URL = "https://musicbrainz.org/doc/Artist",
	TITLE = "Artist",
	NOTE = "Access in 29/03/2019"
}

@MISC{mbRec,
	URL = "https://musicbrainz.org/doc/Recording",
	TITLE = "Recording",
	NOTE = "Access in 29/03/2019"
}

@MISC{mbRe,
	URL = "https://musicbrainz.org/doc/Release",
	TITLE = "Release",
	NOTE = "Access in 29/03/2019"
}

@MISC{mbReGp,
	URL = "https://musicbrainz.org/doc/Release_Group",
	TITLE = "Release Group",
	NOTE = "Access in 29/03/2019"
}

@MISC{mbWo,
	URL = "https://musicbrainz.org/doc/Work",
	TITLE = "Work",
	NOTE = "Access in 29/03/2019"
}

@MISC{mbRels,
	URL = "https://musicbrainz.org/relationships",
	TITLE = "Relationships",
	NOTE = "Access in 29/03/2019"
}

@MISC{mbAnnotation,
	URL = "https://musicbrainz.org/doc/Annotation",
	TITLE = "Annotation",
	NOTE = "Access in 29/03/2019"
}
